<record><leader>00000cas a22000007a 4500</leader><controlfield tag="001">10449974</controlfield><controlfield tag="008">840223d19251926mtuwr ne      0    0eng d</controlfield><datafield ind1=" " ind2=" " tag="010"><subfield code="a">sn 84036029 </subfield></datafield><datafield ind1=" " ind2=" " tag="040"><subfield code="a">MTL</subfield><subfield code="b">eng</subfield><subfield code="c">MTL</subfield><subfield code="d">OCL</subfield><subfield code="d">OCLCQ</subfield></datafield><datafield ind1=" " ind2=" " tag="042"><subfield code="a">msc</subfield></datafield><datafield ind1="0" ind2=" " tag="130"><subfield code="a">Advocate (Baker, Mont.)</subfield></datafield><datafield ind1="1" ind2="4" tag="245"><subfield code="a">The Advocate.</subfield></datafield><datafield ind1=" " ind2=" " tag="260"><subfield code="a">Baker, Mont. :</subfield><subfield code="b">[Tribune Pub. Co.],</subfield><subfield code="c">1925-1926.</subfield></datafield><datafield ind1=" " ind2=" " tag="300"><subfield code="a">1 v. :</subfield><subfield code="b">ill.</subfield></datafield><datafield ind1=" " ind2=" " tag="310"><subfield code="a">Weekly</subfield></datafield><datafield ind1="0" ind2=" " tag="362"><subfield code="a">Vol. 17, no. 11 (Aug. 6, 1925)-v. 1, no. 45 (Apr. 1, 1926).</subfield></datafield><datafield ind1=" " ind2=" " tag="500"><subfield code="a">"Republican."</subfield></datafield><datafield ind1=" " ind2=" " tag="515"><subfield code="a">Changes from v. 17 to v. 1 on Mar. 25, 1926.</subfield></datafield><datafield ind1=" " ind2=" " tag="530"><subfield code="a">Available on microfilm from Micro Photo Division, Bell and Howell.</subfield></datafield><datafield ind1=" " ind2=" " tag="752"><subfield code="a">United States</subfield><subfield code="b">Montana</subfield><subfield code="c">Fallon</subfield><subfield code="d">Baker.</subfield></datafield><datafield ind1="0" ind2="0" tag="780"><subfield code="t">Baker sentinel (Baker, Mont. : 1909)</subfield><subfield code="w">(OCoLC)2271822</subfield></datafield><datafield ind1="0" ind2="0" tag="785"><subfield code="t">Baker sentinel (Baker, Mont. : 1926)</subfield><subfield code="w">(OCoLC)10450019</subfield></datafield><datafield ind1="1" ind2=" " tag="029"><subfield code="a">AU@</subfield><subfield code="b">000021635584</subfield></datafield></record>